<?xml version="1.0" encoding="UTF-8"?>
<!DOCTYPE html PUBLIC "-//W3C//DTD XHTML 1.0 Transitional//EN"
    "http://www.w3.org/TR/xhtml1/DTD/xhtml1-transitional.dtd">
<html xmlns="http://www.w3.org/1999/xhtml" xml:lang="en" lang="en">
 <head>
  <title>
</title>
<meta http-equiv="Content-Type" content="text/html;charset=utf-8" />
  <meta name='ocr-system' content='tesseract 3.04.00' />
  <meta name='ocr-capabilities' content='ocr_page ocr_carea ocr_par ocr_line ocrx_word'/>
</head>
<body>
  <div class='ocr_page' id='page_1' title='image "./ioannisbolyaide00akadgoog_0047.png"; bbox 0 0 5034 6582; ppageno 0'>
   <div class='ocr_carea' id='block_1_1' title="bbox 506 851 1578 924">
    <p class='ocr_par' dir='ltr' id='par_1_1' title="bbox 506 851 1578 924">
     <span class='ocr_line' id='line_1_1' title="bbox 506 851 1578 924; baseline 0.001 -22"><span class='ocrx_word' id='word_1_1' title='bbox 506 853 552 924; x_wconf 80' lang='lat'>34</span> <span class='ocrx_word' id='word_1_2' title='bbox 1025 853 1147 904; x_wconf 87' lang='lat' dir='ltr'>IOANN</span> <span class='ocrx_word' id='word_1_3' title='bbox 1152 851 1183 903; x_wconf 89' lang='lat' dir='ltr'>IS</span> <span class='ocrx_word' id='word_1_4' title='bbox 1210 853 1341 904; x_wconf 85' lang='lat' dir='ltr'>BOLYAI</span> <span class='ocrx_word' id='word_1_5' title='bbox 1369 851 1578 903; x_wconf 86' lang='lat' dir='ltr'><strong>APPENDIX.</strong></span> 
     </span>
    </p>
   </div>
   <div class='ocr_carea' id='block_1_2' title="bbox 325 1068 2100 1168">
    <p class='ocr_par' dir='ltr' id='par_1_2' title="bbox 325 1068 2100 1168">
     <span class='ocr_line' id='line_1_2' title="bbox 325 1068 2100 1168; baseline -0.002 -22"><span class='ocrx_word' id='word_1_6' title='bbox 325 1087 393 1166; x_wconf 83' lang='lat' dir='ltr'>Fig.</span> <span class='ocrx_word' id='word_1_7' title='bbox 420 1106 464 1165; x_wconf 83' lang='lat'>23.</span> <span class='ocrx_word' id='word_1_8' title='bbox 585 1070 706 1144; x_wconf 88' lang='lat' dir='ltr'>Porro</span> <span class='ocrx_word' id='word_1_9' title='bbox 726 1069 958 1144; x_wconf 86' lang='lat' dir='ltr'>construitur</span> <span class='ocrx_word' id='word_1_10' title='bbox 976 1070 1271 1168; x_wconf 83' lang='lat' dir='ltr'>quadrilaterum</span> <span class='ocrx_word' id='word_1_11' title='bbox 1300 1095 1356 1143; x_wconf 89' lang='lat' dir='ltr'>ex.</span> <span class='ocrx_word' id='word_1_12' title='bbox 1376 1095 1429 1166; x_wconf 89' lang='lat' dir='ltr'>gr.</span> <span class='ocrx_word' id='word_1_13' title='bbox 1448 1069 1619 1167; x_wconf 83' lang='lat' dir='ltr'>regulare</span> <span class='ocrx_word' id='word_1_14' title='bbox 1649 1075 1755 1160; x_wconf 83' lang='lat'>=[],</span> <span class='ocrx_word' id='word_1_15' title='bbox 1777 1083 1816 1141; x_wconf 92' lang='lat' dir='ltr'>ut</span> <span class='ocrx_word' id='word_1_16' title='bbox 1835 1069 2015 1167; x_wconf 91' lang='lat' dir='ltr'>sequitur.</span> <span class='ocrx_word' id='word_1_17' title='bbox 2044 1068 2100 1142; x_wconf 89' lang='lat' dir='ltr'>Sit</span> 
     </span>
    </p>
   </div>
   <div class='ocr_carea' id='block_1_3' title="bbox 804 1293 1805 1474">
    <p class='ocr_par' dir='ltr' id='par_1_3' title="bbox 804 1293 1805 1474">
     <span class='ocr_line' id='line_1_3' title="bbox 804 1293 1805 1474; baseline -0.002 -72"><span class='ocrx_word' id='word_1_18' title='bbox 804 1321 991 1418; x_wconf 85' lang='lat' dir='ltr'>abc=R,</span> <span class='ocrx_word' id='word_1_19' title='bbox 1022 1294 1274 1452; x_wconf 61' lang='lat' dir='ltr'>bac={—R,</span> <span class='ocrx_word' id='word_1_20' title='bbox 1307 1293 1558 1474; x_wconf 57' lang='lat' dir='ltr'>acb={—R,</span> <span class='ocrx_word' id='word_1_21' title='bbox 1587 1339 1625 1400; x_wconf 87' lang='lat' dir='ltr'>et</span> <span class='ocrx_word' id='word_1_22' title='bbox 1651 1319 1805 1418; x_wconf 85' lang='lat' dir='ltr'>bc=x;</span> 
     </span>
    </p>
   </div>
   <div class='ocr_carea' id='block_1_4' title="bbox 492 1584 2100 2490">
    <p class='ocr_par' dir='ltr' id='par_1_4' title="bbox 492 1584 2100 2490">
     <span class='ocr_line' id='line_1_4' title="bbox 504 1584 2099 1689; baseline -0.004 -25"><span class='ocrx_word' id='word_1_23' title='bbox 504 1590 643 1689; x_wconf 88' lang='lat' dir='ltr'>poterit</span> <span class='ocrx_word' id='word_1_24' title='bbox 669 1589 716 1663; x_wconf 86' lang='lat' dir='ltr'><em>X</em></span> <span class='ocrx_word' id='word_1_25' title='bbox 736 1588 794 1684; x_wconf 86' lang='lat' dir='ltr'>(ex</span> <span class='ocrx_word' id='word_1_26' title='bbox 821 1589 851 1676; x_wconf 53' lang='grc' dir='ltr'>ᾗ.</span> <span class='ocrx_word' id='word_1_27' title='bbox 867 1611 923 1684; x_wconf 85' lang='lat'>31.</span> <span class='ocrx_word' id='word_1_28' title='bbox 954 1587 1019 1682; x_wconf 90' lang='grc' dir='ltr'>ΙΙ.)</span> <span class='ocrx_word' id='word_1_29' title='bbox 1045 1612 1114 1688; x_wconf 90' lang='lat' dir='ltr'>per</span> <span class='ocrx_word' id='word_1_30' title='bbox 1145 1609 1267 1659; x_wconf 89' lang='lat' dir='ltr'>meras</span> <span class='ocrx_word' id='word_1_31' title='bbox 1300 1585 1447 1658; x_wconf 86' lang='lat' dir='ltr'>radices</span> <span class='ocrx_word' id='word_1_32' title='bbox 1482 1584 1721 1681; x_wconf 90' lang='lat' dir='ltr'>quadraticas</span> <span class='ocrx_word' id='word_1_33' title='bbox 1757 1584 1926 1683; x_wconf 87' lang='lat' dir='ltr'>exprimi,</span> <span class='ocrx_word' id='word_1_34' title='bbox 1955 1600 1993 1659; x_wconf 96' lang='lat' dir='ltr'>et</span> <span class='ocrx_word' id='word_1_35' title='bbox 2020 1585 2099 1685; x_wconf 77' lang='lat' dir='ltr'>(per</span> 
     </span>
     <span class='ocr_line' id='line_1_5' title="bbox 504 1716 2098 1819; baseline -0.004 -20"><span class='ocrx_word' id='word_1_36' title='bbox 504 1727 537 1813; x_wconf 87' lang='lat'>§.</span> <span class='ocrx_word' id='word_1_37' title='bbox 556 1725 626 1819; x_wconf 86' lang='lat'>37.)</span> <span class='ocrx_word' id='word_1_38' title='bbox 655 1722 847 1798; x_wconf 90' lang='lat' dir='ltr'>construi:</span> <span class='ocrx_word' id='word_1_39' title='bbox 876 1721 1083 1818; x_wconf 88' lang='lat' dir='ltr'>habitoque</span> <span class='ocrx_word' id='word_1_40' title='bbox 1105 1718 1156 1806; x_wconf 85' lang='lat' dir='ltr'>X,</span> <span class='ocrx_word' id='word_1_41' title='bbox 1186 1724 1266 1817; x_wconf 90' lang='lat' dir='ltr'>(per</span> <span class='ocrx_word' id='word_1_42' title='bbox 1285 1719 1315 1805; x_wconf 88' lang='lat'>§.</span> <span class='ocrx_word' id='word_1_43' title='bbox 1335 1717 1404 1812; x_wconf 76' lang='lat'>38,</span> <span class='ocrx_word' id='word_1_44' title='bbox 1433 1716 1513 1790; x_wconf 88' lang='lat' dir='ltr'>sive</span> <span class='ocrx_word' id='word_1_45' title='bbox 1541 1717 1654 1791; x_wconf 89' lang='lat' dir='ltr'>etiam</span> <span class='ocrx_word' id='word_1_46' title='bbox 1682 1739 1739 1812; x_wconf 88' lang='lat'>29.</span> <span class='ocrx_word' id='word_1_47' title='bbox 1763 1732 1802 1791; x_wconf 89' lang='lat' dir='ltr'>et</span> <span class='ocrx_word' id='word_1_48' title='bbox 1827 1717 1898 1812; x_wconf 86' lang='lat'><strong>35.)</strong></span> <span class='ocrx_word' id='word_1_49' title='bbox 1925 1744 1950 1792; x_wconf 91' lang='lat' dir='ltr'><em>x</em></span> <span class='ocrx_word' id='word_1_50' title='bbox 1975 1717 2098 1817; x_wconf 91' lang='lat' dir='ltr'>ipsum</span> 
     </span>
     <span class='ocr_line' id='line_1_6' title="bbox 503 1845 2100 1953; baseline -0.003 -21"><span class='ocrx_word' id='word_1_51' title='bbox 503 1856 749 1932; x_wconf 90' lang='lat' dir='ltr'>determinari</span> <span class='ocrx_word' id='word_1_52' title='bbox 783 1869 920 1953; x_wconf 90' lang='lat' dir='ltr'>potest.</span> <span class='ocrx_word' id='word_1_53' title='bbox 949 1854 1095 1953; x_wconf 91' lang='lat' dir='ltr'>Estque</span> <span class='ocrx_word' id='word_1_54' title='bbox 1132 1852 1328 1951; x_wconf 91' lang='lat' dir='ltr'>octuplum</span> <span class='ocrx_word' id='word_1_55' title='bbox 1368 1845 1485 1927; x_wconf 71' lang='lat' dir='ltr'>[tabe</span> <span class='ocrx_word' id='word_1_56' title='bbox 1520 1850 1716 1924; x_wconf 86' lang='lat' dir='ltr'>manifesto</span> <span class='ocrx_word' id='word_1_57' title='bbox 1753 1859 1861 1940; x_wconf 65' lang='grc' dir='ltr'>ΞΠ,</span> <span class='ocrx_word' id='word_1_58' title='bbox 1890 1866 2003 1951; x_wconf 91' lang='lat' dir='ltr'>atque</span> <span class='ocrx_word' id='word_1_59' title='bbox 2022 1863 2100 1950; x_wconf 77' lang='lat' dir='ltr'>per</span> 
     </span>
     <span class='ocr_line' id='line_1_7' title="bbox 502 1985 2098 2086; baseline -0.002 -22"><span class='ocrx_word' id='word_1_60' title='bbox 502 1991 580 2082; x_wconf 80' lang='lat' dir='ltr'>hoe,</span> <span class='ocrx_word' id='word_1_61' title='bbox 608 1990 956 2086; x_wconf 78' lang='lat' dir='ltr'>cireulnsplanus</span> <span class='ocrx_word' id='word_1_62' title='bbox 984 1989 1148 2078; x_wconf 88' lang='lat' dir='ltr'>radiis,</span> <span class='ocrx_word' id='word_1_63' title='bbox 1172 1997 1246 2084; x_wconf 83' lang='lat' dir='ltr'>per</span> <span class='ocrx_word' id='word_1_64' title='bbox 1269 1987 1456 2082; x_wconf 82' lang='lat' dir='ltr'>figuram</span> <span class='ocrx_word' id='word_1_65' title='bbox 1493 1985 1751 2078; x_wconf 79' lang='lat' dir='ltr'>rectilineum,</span> <span class='ocrx_word' id='word_1_66' title='bbox 1779 1993 1817 2058; x_wconf 87' lang='lat' dir='ltr'>et</span> <span class='ocrx_word' id='word_1_67' title='bbox 1849 1986 1977 2061; x_wconf 87' lang='lat' dir='ltr'>lineas</span> <span class='ocrx_word' id='word_1_68' title='bbox 2012 1991 2098 2061; x_wconf 83' lang='lat' dir='ltr'>uni·</span> 
     </span>
     <span class='ocr_line' id='line_1_8' title="bbox 492 2120 2098 2223; baseline -0.004 -25"><span class='ocrx_word' id='word_1_69' title='bbox 492 2125 650 2223; x_wconf 84' lang='lat' dir='ltr'>formes</span> <span class='ocrx_word' id='word_1_70' title='bbox 677 2125 852 2199; x_wconf 84' lang='lat' dir='ltr'>eiusdem</span> <span class='ocrx_word' id='word_1_71' title='bbox 877 2123 1038 2218; x_wconf 83' lang='lat' dir='ltr'>generis</span> <span class='ocrx_word' id='word_1_72' title='bbox 1067 2122 1089 2219; x_wconf 64' lang='lat' dir='ltr'>i</span> <span class='ocrx_word' id='word_1_73' title='bbox 1094 2123 1219 2212; x_wconf 88' lang='lat' dir='ltr'>rectis,</span> <span class='ocrx_word' id='word_1_74' title='bbox 1249 2120 1383 2218; x_wconf 87' lang='lat' dir='ltr'>quoad</span> <span class='ocrx_word' id='word_1_75' title='bbox 1405 2121 1734 2217; x_wconf 74' lang='lat' dir='ltr'>comparationem</span> <span class='ocrx_word' id='word_1_76' title='bbox 1764 2121 1868 2192; x_wconf 86' lang='lat' dir='ltr'>inter</span> <span class='ocrx_word' id='word_1_77' title='bbox 1893 2144 1944 2211; x_wconf 88' lang='lat' dir='ltr'>se,</span> <span class='ocrx_word' id='word_1_78' title='bbox 1964 2121 2098 2218; x_wconf 84' lang='lat' dir='ltr'>aequi-</span> 
     </span>
     <span class='ocr_line' id='line_1_9' title="bbox 503 2253 2097 2353; baseline -0.003 -23"><span class='ocrx_word' id='word_1_79' title='bbox 503 2258 700 2352; x_wconf 71' lang='lat' dir='ltr'>valentes)</span> <span class='ocrx_word' id='word_1_80' title='bbox 723 2256 955 2353; x_wconf 78' lang='lat' dir='ltr'>geometrice</span> <span class='ocrx_word' id='word_1_81' title='bbox 983 2256 1230 2352; x_wconf 81' lang='lat' dir='ltr'>qnadratns3</span> <span class='ocrx_word' id='word_1_82' title='bbox 1267 2253 1440 2328; x_wconf 82' lang='lat' dir='ltr'>circulus</span> <span class='ocrx_word' id='word_1_83' title='bbox 1476 2253 1519 2324; x_wconf 88' lang='lat' dir='ltr'><em>F</em></span> <span class='ocrx_word' id='word_1_84' title='bbox 1515 2253 1668 2351; x_wconf 88' lang='lat' dir='ltr'>formis</span> <span class='ocrx_word' id='word_1_85' title='bbox 1704 2278 1792 2326; x_wconf 87' lang='lat' dir='ltr'>vero</span> <span class='ocrx_word' id='word_1_86' title='bbox 1828 2254 1958 2329; x_wconf 85' lang='lat' dir='ltr'>eodem</span> <span class='ocrx_word' id='word_1_87' title='bbox 1988 2255 2097 2327; x_wconf 87' lang='lat' dir='ltr'>moda</span> 
     </span>
     <span class='ocr_line' id='line_1_10' title="bbox 502 2385 2097 2490; baseline -0.003 -26"><span class='ocrx_word' id='word_1_88' title='bbox 502 2393 794 2490; x_wconf 73' lang='lat' dir='ltr'>complanatas:</span> <span class='ocrx_word' id='word_1_89' title='bbox 822 2391 1065 2487; x_wconf 81' lang='lat' dir='ltr'>habeturque</span> <span class='ocrx_word' id='word_1_90' title='bbox 1097 2397 1169 2461; x_wconf 89' lang='lat' dir='ltr'>ant</span> <span class='ocrx_word' id='word_1_91' title='bbox 1193 2389 1366 2462; x_wconf 85' lang='lat' dir='ltr'>Axioma</span> <span class='ocrx_word' id='word_1_92' title='bbox 1394 2386 1469 2459; x_wconf 88' lang='lat' dir='ltr'>XI.</span> <span class='ocrx_word' id='word_1_93' title='bbox 1500 2385 1684 2460; x_wconf 85' lang='lat' dir='ltr'>Euclidis</span> <span class='ocrx_word' id='word_1_94' title='bbox 1719 2395 1969 2476; x_wconf 70' lang='lat' dir='ltr'>peramant</span> <span class='ocrx_word' id='word_1_95' title='bbox 2002 2413 2097 2486; x_wconf 87' lang='lat' dir='ltr'>qua·</span> 
     </span>
    </p>
   </div>
   <div class='ocr_carea' id='block_1_5' title="bbox 382 2520 2100 4757">
    <p class='ocr_par' dir='ltr' id='par_1_5' title="bbox 382 2520 2100 4490">
     <span class='ocr_line' id='line_1_11' title="bbox 382 2520 2096 2632; baseline -0.002 -34"><span class='ocrx_word' id='word_1_96' title='bbox 382 2621 391 2632; x_wconf 89' lang='lat'>.</span> <span class='ocrx_word' id='word_1_97' title='bbox 502 2527 672 2598; x_wconf 88' lang='lat' dir='ltr'>dratnra</span> <span class='ocrx_word' id='word_1_98' title='bbox 699 2525 845 2598; x_wconf 84' lang='lat' dir='ltr'>circuli</span> <span class='ocrx_word' id='word_1_99' title='bbox 865 2525 1128 2619; x_wconf 82' lang='lat' dir='ltr'>geometrica3</span> <span class='ocrx_word' id='word_1_100' title='bbox 1166 2521 1237 2595; x_wconf 90' lang='lat' dir='ltr'>etsi</span> <span class='ocrx_word' id='word_1_101' title='bbox 1272 2522 1467 2618; x_wconf 91' lang='lat' dir='ltr'>hucusque</span> <span class='ocrx_word' id='word_1_102' title='bbox 1504 2520 1714 2594; x_wconf 90' lang='lat' dir='ltr'>indecisum</span> <span class='ocrx_word' id='word_1_103' title='bbox 1750 2521 1940 2608; x_wconf 81' lang='lat' dir='ltr'>manserit,</span> <span class='ocrx_word' id='word_1_104' title='bbox 1976 2522 2096 2619; x_wconf 91' lang='lat' dir='ltr'>quod·</span> 
     </span>
     <span class='ocr_line' id='line_1_12' title="bbox 502 2653 2097 2749; baseline -0.002 -19"><span class='ocrx_word' id='word_1_105' title='bbox 502 2683 588 2732; x_wconf 89' lang='lat' dir='ltr'>nam</span> <span class='ocrx_word' id='word_1_106' title='bbox 617 2684 662 2731; x_wconf 86' lang='lat' dir='ltr'>ex</span> <span class='ocrx_word' id='word_1_107' title='bbox 689 2657 744 2733; x_wconf 89' lang='lat' dir='ltr'>his</span> <span class='ocrx_word' id='word_1_108' title='bbox 779 2658 927 2731; x_wconf 91' lang='lat' dir='ltr'>duobus</span> <span class='ocrx_word' id='word_1_109' title='bbox 960 2683 1094 2730; x_wconf 89' lang='lat' dir='ltr'>revera</span> <span class='ocrx_word' id='word_1_110' title='bbox 1128 2656 1255 2730; x_wconf 92' lang='lat' dir='ltr'>locum</span> <span class='ocrx_word' id='word_1_111' title='bbox 1290 2654 1438 2727; x_wconf 87' lang='lat' dir='ltr'>habeat.</span> <span class='ocrx_word' id='word_1_112' title='bbox 1467 2653 1628 2748; x_wconf 80' lang='lat' dir='ltr'>Quoties</span> <span class='ocrx_word' id='word_1_113' title='bbox 1654 2655 1803 2749; x_wconf 86' lang='lat' dir='ltr'>tang.z²</span> <span class='ocrx_word' id='word_1_114' title='bbox 1829 2654 1896 2726; x_wconf 86' lang='lat' dir='ltr'>ael</span> <span class='ocrx_word' id='word_1_115' title='bbox 1918 2678 2097 2728; x_wconf 90' lang='lat' dir='ltr'>numerus</span> 
     </span>
     <span class='ocr_line' id='line_1_13' title="bbox 502 2786 2096 2889; baseline -0.001 -26"><span class='ocrx_word' id='word_1_116' title='bbox 502 2791 648 2889; x_wconf 88' lang='lat' dir='ltr'>integer</span> <span class='ocrx_word' id='word_1_117' title='bbox 675 2792 740 2864; x_wconf 87' lang='lat' dir='ltr'>vel</span> <span class='ocrx_word' id='word_1_118' title='bbox 762 2791 896 2865; x_wconf 86' lang='lat' dir='ltr'>fractio</span> <span class='ocrx_word' id='word_1_119' title='bbox 923 2789 1117 2864; x_wconf 89' lang='lat' dir='ltr'>rationalis</span> <span class='ocrx_word' id='word_1_120' title='bbox 1143 2789 1266 2875; x_wconf 86' lang='lat' dir='ltr'>fuerit,</span> <span class='ocrx_word' id='word_1_121' title='bbox 1295 2788 1400 2861; x_wconf 89' lang='lat' dir='ltr'>cuius</span> <span class='ocrx_word' id='word_1_122' title='bbox 1427 2787 1487 2883; x_wconf 79' lang='lat' dir='ltr'>(ad</span> <span class='ocrx_word' id='word_1_123' title='bbox 1513 2786 1825 2886; x_wconf 83' lang='lat' dir='ltr'>simplicissimam</span> <span class='ocrx_word' id='word_1_124' title='bbox 1851 2789 2010 2861; x_wconf 87' lang='lat' dir='ltr'>formam</span> <span class='ocrx_word' id='word_1_125' title='bbox 2039 2813 2096 2861; x_wconf 91' lang='lat' dir='ltr'>re-</span> 
     </span>
     <span class='ocr_line' id='line_1_14' title="bbox 503 2920 2095 3020; baseline -0.004 -21"><span class='ocrx_word' id='word_1_126' title='bbox 503 2927 638 3016; x_wconf 79' lang='lat' dir='ltr'>ductael</span> <span class='ocrx_word' id='word_1_127' title='bbox 667 2925 933 2998; x_wconf 78' lang='lat' dir='ltr'>denominatos</span> <span class='ocrx_word' id='word_1_128' title='bbox 958 2932 1031 2997; x_wconf 86' lang='lat' dir='ltr'>aut</span> <span class='ocrx_word' id='word_1_129' title='bbox 1054 2947 1234 2995; x_wconf 90' lang='lat' dir='ltr'>numerus</span> <span class='ocrx_word' id='word_1_130' title='bbox 1262 2921 1402 3020; x_wconf 93' lang='lat' dir='ltr'>primus</span> <span class='ocrx_word' id='word_1_131' title='bbox 1427 2921 1562 2994; x_wconf 89' lang='lat' dir='ltr'>formae</span> <span class='ocrx_word' id='word_1_132' title='bbox 1594 2937 1723 2997; x_wconf 76' lang='lat'>2²²²÷1</span> <span class='ocrx_word' id='word_1_133' title='bbox 1756 2921 1873 3015; x_wconf 89' lang='lat' dir='ltr'>(cuius</span> <span class='ocrx_word' id='word_1_134' title='bbox 1900 2936 1957 2994; x_wconf 93' lang='lat' dir='ltr'>est</span> <span class='ocrx_word' id='word_1_135' title='bbox 1984 2920 2095 2994; x_wconf 89' lang='lat' dir='ltr'>etiam</span> 
     </span>
     <span class='ocr_line' id='line_1_15' title="bbox 502 3055 2096 3154; baseline -0.003 -22"><span class='ocrx_word' id='word_1_136' title='bbox 502 3057 713 3142; x_wconf 51' lang='grc' dir='ltr'>καθ-Η)</span> <span class='ocrx_word' id='word_1_137' title='bbox 741 3068 813 3133; x_wconf 89' lang='lat' dir='ltr'>ant</span> <span class='ocrx_word' id='word_1_138' title='bbox 837 3059 1066 3154; x_wconf 91' lang='lat' dir='ltr'>productum</span> <span class='ocrx_word' id='word_1_139' title='bbox 1093 3055 1204 3130; x_wconf 86' lang='lat' dir='ltr'>fuerit</span> <span class='ocrx_word' id='word_1_140' title='bbox 1232 3081 1251 3128; x_wconf 91' lang='lat' dir='ltr'>e</span> <span class='ocrx_word' id='word_1_141' title='bbox 1278 3070 1525 3152; x_wconf 87' lang='lat' dir='ltr'>quotcunque</span> <span class='ocrx_word' id='word_1_142' title='bbox 1553 3055 1681 3152; x_wconf 89' lang='lat' dir='ltr'>primis</span> <span class='ocrx_word' id='word_1_143' title='bbox 1708 3056 1817 3130; x_wconf 91' lang='lat' dir='ltr'>huius</span> <span class='ocrx_word' id='word_1_144' title='bbox 1839 3056 1983 3147; x_wconf 87' lang='lat' dir='ltr'>formae,</span> <span class='ocrx_word' id='word_1_145' title='bbox 2003 3080 2096 3152; x_wconf 93' lang='lat' dir='ltr'>quo·</span> 
     </span>
     <span class='ocr_line' id='line_1_16' title="bbox 501 3189 2095 3291; baseline -0.002 -27"><span class='ocrx_word' id='word_1_146' title='bbox 501 3218 584 3265; x_wconf 93' lang='lat' dir='ltr'>rum</span> <span class='ocrx_word' id='word_1_147' title='bbox 624 3193 755 3290; x_wconf 75' lang='lat' dir='ltr'>(ipsum</span> <span class='ocrx_word' id='word_1_148' title='bbox 794 3214 825 3279; x_wconf 86' lang='lat'>2,</span> <span class='ocrx_word' id='word_1_149' title='bbox 854 3192 919 3289; x_wconf 94' lang='lat' dir='ltr'>qui</span> <span class='ocrx_word' id='word_1_150' title='bbox 953 3191 1055 3265; x_wconf 91' lang='lat' dir='ltr'>solus</span> <span class='ocrx_word' id='word_1_151' title='bbox 1090 3190 1241 3288; x_wconf 91' lang='lat' dir='ltr'>quotvis</span> <span class='ocrx_word' id='word_1_152' title='bbox 1264 3189 1420 3263; x_wconf 79' lang='lat' dir='ltr'>vicibus</span> <span class='ocrx_word' id='word_1_153' title='bbox 1455 3214 1657 3263; x_wconf 91' lang='lat' dir='ltr'>occurrere</span> <span class='ocrx_word' id='word_1_154' title='bbox 1692 3205 1828 3288; x_wconf 91' lang='lat' dir='ltr'>potest,</span> <span class='ocrx_word' id='word_1_155' title='bbox 1858 3189 2095 3291; x_wconf 79' lang='lat' dir='ltr'>excipiendo)</span> 
     </span>
     <span class='ocr_line' id='line_1_17' title="bbox 502 3322 2100 3422; baseline -0.002 -23"><span class='ocrx_word' id='word_1_156' title='bbox 502 3325 624 3422; x_wconf 92' lang='lat' dir='ltr'>quivis</span> <span class='ocrx_word' id='word_1_157' title='bbox 650 3326 775 3399; x_wconf 89' lang='lat' dir='ltr'>semel</span> <span class='ocrx_word' id='word_1_158' title='bbox 799 3341 840 3399; x_wconf 93' lang='lat' dir='ltr'>ut</span> <span class='ocrx_word' id='word_1_159' title='bbox 866 3325 988 3398; x_wconf 89' lang='lat' dir='ltr'>factor</span> <span class='ocrx_word' id='word_1_160' title='bbox 1015 3324 1201 3398; x_wconf 90' lang='lat' dir='ltr'>occurrit:</span> <span class='ocrx_word' id='word_1_161' title='bbox 1230 3348 1298 3420; x_wconf 91' lang='lat' dir='ltr'>per</span> <span class='ocrx_word' id='word_1_162' title='bbox 1323 3322 1508 3397; x_wconf 87' lang='lat' dir='ltr'>theoriam</span> <span class='ocrx_word' id='word_1_163' title='bbox 1536 3325 1814 3422; x_wconf 91' lang='lat' dir='ltr'>polygonorum</span> <span class='ocrx_word' id='word_1_164' title='bbox 1835 3324 1885 3397; x_wconf 91' lang='lat' dir='ltr'>ill.</span> <span class='ocrx_word' id='word_1_165' title='bbox 1914 3323 1987 3396; x_wconf 64' lang='grc' dir='ltr'>(ΞΑ</span> <span class='ocrx_word' id='word_1_166' title='bbox 2000 3323 2100 3396; x_wconf 85' lang='lat' dir='ltr'>USS</span> 
     </span>
     <span class='ocr_line' id='line_1_18' title="bbox 501 3456 2095 3559; baseline -0.002 -28"><span class='ocrx_word' id='word_1_167' title='bbox 501 3459 739 3559; x_wconf 82' lang='lat' dir='ltr'>(praeclarum</span> <span class='ocrx_word' id='word_1_168' title='bbox 766 3459 885 3533; x_wconf 92' lang='lat' dir='ltr'>nostri</span> <span class='ocrx_word' id='word_1_169' title='bbox 911 3459 988 3532; x_wconf 92' lang='lat' dir='ltr'>imo</span> <span class='ocrx_word' id='word_1_170' title='bbox 1016 3457 1137 3532; x_wconf 92' lang='lat' dir='ltr'>omnis</span> <span class='ocrx_word' id='word_1_171' title='bbox 1163 3457 1236 3531; x_wconf 86' lang='lat' dir='ltr'>aevi</span> <span class='ocrx_word' id='word_1_172' title='bbox 1262 3456 1482 3550; x_wconf 67' lang='lat' dir='ltr'>inventum),</span> <span class='ocrx_word' id='word_1_173' title='bbox 1512 3456 1624 3530; x_wconf 88' lang='lat' dir='ltr'>etiam</span> <span class='ocrx_word' id='word_1_174' title='bbox 1657 3457 1728 3555; x_wconf 91' lang='lat' dir='ltr'>ipsi</span> <span class='ocrx_word' id='word_1_175' title='bbox 1761 3459 2095 3555; x_wconf 68' lang='lat' dir='ltr'>tang.z²ffl=&amp;s</span> 
     </span>
     <span class='ocr_line' id='line_1_19' title="bbox 502 3588 2095 3690; baseline -0.003 -25"><span class='ocrx_word' id='word_1_176' title='bbox 502 3592 552 3684; x_wconf 81' lang='lat' dir='ltr'>(et</span> <span class='ocrx_word' id='word_1_177' title='bbox 577 3591 726 3666; x_wconf 91' lang='lat' dir='ltr'>nonnisi</span> <span class='ocrx_word' id='word_1_178' title='bbox 752 3617 821 3690; x_wconf 93' lang='lat' dir='ltr'>pro</span> <span class='ocrx_word' id='word_1_179' title='bbox 848 3593 986 3665; x_wconf 87' lang='lat' dir='ltr'>talibus</span> <span class='ocrx_word' id='word_1_180' title='bbox 1013 3591 1204 3666; x_wconf 89' lang='lat' dir='ltr'>valoribus</span> <span class='ocrx_word' id='word_1_181' title='bbox 1231 3591 1344 3687; x_wconf 88' lang='lat' dir='ltr'>ipsius</span> <span class='ocrx_word' id='word_1_182' title='bbox 1370 3590 1405 3676; x_wconf 57' lang='grc' dir='ltr'>κζ)</span> <span class='ocrx_word' id='word_1_183' title='bbox 1441 3589 1599 3687; x_wconf 88' lang='lat' dir='ltr'>figuram</span> <span class='ocrx_word' id='word_1_184' title='bbox 1634 3589 1870 3664; x_wconf 89' lang='lat' dir='ltr'>rectilineam</span> <span class='ocrx_word' id='word_1_185' title='bbox 1910 3588 2095 3688; x_wconf 86' lang='lat' dir='ltr'>aequalem</span> 
     </span>
     <span class='ocr_line' id='line_1_20' title="bbox 501 3722 2095 3821; baseline -0.001 -24"><span class='ocrx_word' id='word_1_186' title='bbox 501 3723 731 3799; x_wconf 89' lang='lat' dir='ltr'>constituere</span> <span class='ocrx_word' id='word_1_187' title='bbox 758 3725 858 3798; x_wconf 87' lang='lat' dir='ltr'>licet.</span> <span class='ocrx_word' id='word_1_188' title='bbox 879 3724 979 3798; x_wconf 90' lang='lat' dir='ltr'>Nam</span> <span class='ocrx_word' id='word_1_189' title='bbox 1007 3725 1147 3799; x_wconf 84' lang='lat' dir='ltr'>divisio</span> <span class='ocrx_word' id='word_1_190' title='bbox 1175 3725 1291 3821; x_wconf 88' lang='lat' dir='ltr'>ipsius</span> <span class='ocrx_word' id='word_1_191' title='bbox 1315 3727 1351 3802; x_wconf 66' lang='lat' dir='ltr'>U</span> <span class='ocrx_word' id='word_1_192' title='bbox 1380 3722 1629 3807; x_wconf 78' lang='lat' dir='ltr'>(theoremate</span> <span class='ocrx_word' id='word_1_193' title='bbox 1648 3724 1678 3810; x_wconf 58' lang='grc' dir='ltr'>ᾗ.</span> <span class='ocrx_word' id='word_1_194' title='bbox 1698 3747 1755 3816; x_wconf 85' lang='lat'>42.</span> <span class='ocrx_word' id='word_1_195' title='bbox 1783 3723 1892 3797; x_wconf 86' lang='lat' dir='ltr'>facile</span> <span class='ocrx_word' id='word_1_196' title='bbox 1919 3726 1966 3797; x_wconf 91' lang='lat' dir='ltr'>ad</span> <span class='ocrx_word' id='word_1_197' title='bbox 1992 3747 2095 3820; x_wconf 90' lang='lat' dir='ltr'>quae-</span> 
     </span>
     <span class='ocr_line' id='line_1_21' title="bbox 499 3856 2093 3958; baseline -0.001 -27"><span class='ocrx_word' id='word_1_198' title='bbox 499 3858 593 3933; x_wconf 93' lang='lat' dir='ltr'>libet</span> <span class='ocrx_word' id='word_1_199' title='bbox 631 3858 821 3958; x_wconf 91' lang='lat' dir='ltr'>polygona</span> <span class='ocrx_word' id='word_1_200' title='bbox 857 3859 1025 3948; x_wconf 82' lang='lat' dir='ltr'>extenso)</span> <span class='ocrx_word' id='word_1_201' title='bbox 1063 3858 1260 3930; x_wconf 80' lang='lat' dir='ltr'>manifesto</span> <span class='ocrx_word' id='word_1_202' title='bbox 1295 3860 1500 3932; x_wconf 82' lang='lat' dir='ltr'>sectionem</span> <span class='ocrx_word' id='word_1_203' title='bbox 1538 3857 1652 3954; x_wconf 89' lang='lat' dir='ltr'>ipsius</span> <span class='ocrx_word' id='word_1_204' title='bbox 1687 3857 1753 3928; x_wconf 80' lang='lat' dir='ltr'>2R</span> <span class='ocrx_word' id='word_1_205' title='bbox 1787 3856 1954 3953; x_wconf 88' lang='lat' dir='ltr'>requirit,</span> <span class='ocrx_word' id='word_1_206' title='bbox 1982 3882 2093 3954; x_wconf 91' lang='lat' dir='ltr'>qnam</span> 
     </span>
     <span class='ocr_line' id='line_1_22' title="bbox 499 3987 2091 4091; baseline -0.003 -24"><span class='ocrx_word' id='word_1_207' title='bbox 499 3994 552 4089; x_wconf 88' lang='lat' dir='ltr'>(ut</span> <span class='ocrx_word' id='word_1_208' title='bbox 578 3992 726 4067; x_wconf 88' lang='lat' dir='ltr'>ostendi</span> <span class='ocrx_word' id='word_1_209' title='bbox 753 3991 890 4091; x_wconf 86' lang='lat' dir='ltr'>potest)</span> <span class='ocrx_word' id='word_1_210' title='bbox 919 3993 1028 4066; x_wconf 88' lang='lat' dir='ltr'>unice</span> <span class='ocrx_word' id='word_1_211' title='bbox 1055 3992 1124 4065; x_wconf 91' lang='lat' dir='ltr'>sub</span> <span class='ocrx_word' id='word_1_212' title='bbox 1151 3991 1252 4064; x_wconf 89' lang='lat' dir='ltr'>dicta</span> <span class='ocrx_word' id='word_1_213' title='bbox 1279 3990 1497 4064; x_wconf 87' lang='lat' dir='ltr'>conditione</span> <span class='ocrx_word' id='word_1_214' title='bbox 1524 3989 1756 4086; x_wconf 88' lang='lat' dir='ltr'>geometrice</span> <span class='ocrx_word' id='word_1_215' title='bbox 1784 3987 1969 4086; x_wconf 88' lang='lat' dir='ltr'>perficere</span> <span class='ocrx_word' id='word_1_216' title='bbox 1988 3987 2091 4063; x_wconf 89' lang='lat' dir='ltr'>licet.</span> 
     </span>
     <span class='ocr_line' id='line_1_23' title="bbox 500 4121 2095 4222; baseline -0.001 -22"><span class='ocrx_word' id='word_1_217' title='bbox 500 4127 547 4200; x_wconf 89' lang='lat' dir='ltr'>In</span> <span class='ocrx_word' id='word_1_218' title='bbox 575 4126 750 4200; x_wconf 91' lang='lat' dir='ltr'>omnibus</span> <span class='ocrx_word' id='word_1_219' title='bbox 777 4140 904 4199; x_wconf 92' lang='lat' dir='ltr'>autem</span> <span class='ocrx_word' id='word_1_220' title='bbox 931 4124 1069 4198; x_wconf 91' lang='lat' dir='ltr'>talibus</span> <span class='ocrx_word' id='word_1_221' title='bbox 1095 4123 1244 4198; x_wconf 88' lang='lat' dir='ltr'>casibus</span> <span class='ocrx_word' id='word_1_222' title='bbox 1278 4121 1533 4222; x_wconf 90' lang='lat' dir='ltr'>praecedentia</span> <span class='ocrx_word' id='word_1_223' title='bbox 1560 4123 1670 4197; x_wconf 85' lang='lat' dir='ltr'>facile</span> <span class='ocrx_word' id='word_1_224' title='bbox 1697 4125 1744 4196; x_wconf 91' lang='lat' dir='ltr'>ad</span> <span class='ocrx_word' id='word_1_225' title='bbox 1772 4148 1930 4221; x_wconf 89' lang='lat' dir='ltr'>scopum</span> <span class='ocrx_word' id='word_1_226' title='bbox 1958 4123 2095 4221; x_wconf 88' lang='lat' dir='ltr'>perdu-</span> 
     </span>
     <span class='ocr_line' id='line_1_24' title="bbox 499 4255 2094 4358; baseline -0.001 -26"><span class='ocrx_word' id='word_1_227' title='bbox 499 4274 599 4333; x_wconf 92' lang='lat' dir='ltr'>cent.</span> <span class='ocrx_word' id='word_1_228' title='bbox 628 4259 679 4332; x_wconf 89' lang='lat' dir='ltr'>Et</span> <span class='ocrx_word' id='word_1_229' title='bbox 705 4271 831 4358; x_wconf 89' lang='lat' dir='ltr'>potest</span> <span class='ocrx_word' id='word_1_230' title='bbox 857 4257 1002 4356; x_wconf 90' lang='lat' dir='ltr'>quaevis</span> <span class='ocrx_word' id='word_1_231' title='bbox 1028 4257 1146 4355; x_wconf 88' lang='lat' dir='ltr'>figura</span> <span class='ocrx_word' id='word_1_232' title='bbox 1185 4257 1382 4331; x_wconf 88' lang='lat' dir='ltr'>rectilinea</span> <span class='ocrx_word' id='word_1_233' title='bbox 1418 4257 1455 4328; x_wconf 93' lang='lat' dir='ltr'>in</span> <span class='ocrx_word' id='word_1_234' title='bbox 1489 4255 1723 4354; x_wconf 86' lang='lat' dir='ltr'>polygonum</span> <span class='ocrx_word' id='word_1_235' title='bbox 1749 4257 1921 4354; x_wconf 85' lang='lat' dir='ltr'>regulare</span> <span class='ocrx_word' id='word_1_236' title='bbox 1950 4283 1974 4330; x_wconf 94' lang='lat' dir='ltr'>n</span> <span class='ocrx_word' id='word_1_237' title='bbox 2004 4257 2094 4332; x_wconf 88' lang='lat' dir='ltr'>late-</span> 
     </span>
     <span class='ocr_line' id='line_1_25' title="bbox 498 4389 2092 4490; baseline -0.001 -24"><span class='ocrx_word' id='word_1_238' title='bbox 498 4420 581 4468; x_wconf 90' lang='lat' dir='ltr'>rum</span> <span class='ocrx_word' id='word_1_239' title='bbox 609 4393 841 4490; x_wconf 88' lang='lat' dir='ltr'>geometrice</span> <span class='ocrx_word' id='word_1_240' title='bbox 869 4392 1051 4480; x_wconf 88' lang='lat' dir='ltr'>converti,</span> <span class='ocrx_word' id='word_1_241' title='bbox 1080 4391 1264 4488; x_wconf 85' lang='lat' dir='ltr'>siquidem</span> <span class='ocrx_word' id='word_1_242' title='bbox 1293 4417 1317 4463; x_wconf 92' lang='lat' dir='ltr'>n</span> <span class='ocrx_word' id='word_1_243' title='bbox 1346 4392 1415 4464; x_wconf 94' lang='lat' dir='ltr'>sub</span> <span class='ocrx_word' id='word_1_244' title='bbox 1441 4390 1602 4463; x_wconf 88' lang='lat' dir='ltr'>formam</span> <span class='ocrx_word' id='word_1_245' title='bbox 1621 4389 1695 4463; x_wconf 76' lang='grc' dir='ltr'>ΘΑ</span> <span class='ocrx_word' id='word_1_246' title='bbox 1708 4389 1942 4464; x_wconf 87' lang='lat' dir='ltr'>USSianam</span> <span class='ocrx_word' id='word_1_247' title='bbox 1973 4393 2092 4464; x_wconf 89' lang='lat' dir='ltr'>cadat.</span> 
     </span>
    </p>

    <p class='ocr_par' dir='ltr' id='par_1_6' title="bbox 498 4523 2092 4757">
     <span class='ocr_line' id='line_1_26' title="bbox 572 4523 2092 4624; baseline -0.002 -25"><span class='ocrx_word' id='word_1_248' title='bbox 572 4526 798 4624; x_wconf 87' lang='lat' dir='ltr'>Superesset</span> <span class='ocrx_word' id='word_1_249' title='bbox 829 4525 1002 4622; x_wconf 86' lang='lat' dir='ltr'>denique,</span> <span class='ocrx_word' id='word_1_250' title='bbox 1032 4525 1085 4620; x_wconf 85' lang='lat' dir='ltr'>(ut</span> <span class='ocrx_word' id='word_1_251' title='bbox 1107 4550 1166 4598; x_wconf 90' lang='lat' dir='ltr'>res</span> <span class='ocrx_word' id='word_1_252' title='bbox 1193 4525 1296 4599; x_wconf 94' lang='lat' dir='ltr'>omni</span> <span class='ocrx_word' id='word_1_253' title='bbox 1315 4550 1474 4598; x_wconf 87' lang='lat' dir='ltr'>numero</span> <span class='ocrx_word' id='word_1_254' title='bbox 1494 4523 1732 4617; x_wconf 83' lang='lat' dir='ltr'>absolvatur),</span> <span class='ocrx_word' id='word_1_255' title='bbox 1753 4524 2092 4624; x_wconf 90' lang='lat' dir='ltr'>impossibilitatem</span> 
     </span>
     <span class='ocr_line' id='line_1_27' title="bbox 498 4659 2091 4757; baseline -0.001 -25"><span class='ocrx_word' id='word_1_256' title='bbox 498 4660 652 4757; x_wconf 71' lang='lat' dir='ltr'>(absque</span> <span class='ocrx_word' id='word_1_257' title='bbox 680 4659 939 4757; x_wconf 87' lang='lat' dir='ltr'>suppositione</span> <span class='ocrx_word' id='word_1_258' title='bbox 967 4659 1102 4756; x_wconf 71' lang='lat' dir='ltr'>aliqua}</span> <span class='ocrx_word' id='word_1_259' title='bbox 1131 4659 1341 4751; x_wconf 91' lang='lat' dir='ltr'>decidendi,</span> <span class='ocrx_word' id='word_1_260' title='bbox 1362 4685 1452 4732; x_wconf 91' lang='lat' dir='ltr'>num</span> <span class='ocrx_word' id='word_1_261' title='bbox 1481 4667 1520 4733; x_wconf 89' lang='grc' dir='ltr'><em>Σ</em></span> <span class='ocrx_word' id='word_1_262' title='bbox 1538 4672 1602 4733; x_wconf 90' lang='lat' dir='ltr'>aut</span> <span class='ocrx_word' id='word_1_263' title='bbox 1628 4659 1783 4757; x_wconf 90' lang='lat' dir='ltr'>aliquod</span> <span class='ocrx_word' id='word_1_264' title='bbox 1811 4659 2091 4756; x_wconf 80' lang='lat' dir='ltr'>(etquodnam)</span> 
     </span>
    </p>
   </div>
   <div class='ocr_carea' id='block_1_6' title="bbox 497 4791 1982 4890">
    <p class='ocr_par' dir='ltr' id='par_1_7' title="bbox 497 4791 1982 4890">
     <span class='ocr_line' id='line_1_28' title="bbox 497 4791 1982 4890; baseline 0.001 -26"><span class='ocrx_word' id='word_1_265' title='bbox 497 4791 527 4864; x_wconf 90' lang='lat' dir='ltr'><em>S</em></span> <span class='ocrx_word' id='word_1_266' title='bbox 549 4793 605 4884; x_wconf 89' lang='lat' dir='ltr'>sit,</span> <span class='ocrx_word' id='word_1_267' title='bbox 622 4794 906 4866; x_wconf 90' lang='lat' dir='ltr'>demonstrare:</span> <span class='ocrx_word' id='word_1_268' title='bbox 934 4795 1037 4890; x_wconf 94' lang='lat' dir='ltr'>quod</span> <span class='ocrx_word' id='word_1_269' title='bbox 1063 4808 1190 4866; x_wconf 92' lang='lat' dir='ltr'>tamen</span> <span class='ocrx_word' id='word_1_270' title='bbox 1217 4793 1410 4866; x_wconf 92' lang='lat' dir='ltr'>occasioni</span> <span class='ocrx_word' id='word_1_271' title='bbox 1437 4794 1554 4890; x_wconf 88' lang='lat' dir='ltr'>magis</span> <span class='ocrx_word' id='word_1_272' title='bbox 1581 4792 1729 4867; x_wconf 83' lang='lat' dir='ltr'>idoneae</span> <span class='ocrx_word' id='word_1_273' title='bbox 1755 4807 1982 4866; x_wconf 89' lang='lat' dir='ltr'>reservatur.</span> 
     </span>
    </p>
   </div>
   <div class='ocr_carea' id='block_1_7' title="bbox 0 0 2522 6582">
    <p class='ocr_par' dir='ltr' id='par_1_8' title="bbox 0 0 2522 6582">
     <span class='ocr_line' id='line_1_29' title="bbox 0 0 2522 6582; baseline 0 3"><span class='ocrx_word' id='word_1_274' title='bbox 0 0 2522 6582; x_wconf 95' lang='lat' dir='ltr'> </span> 
     </span>
    </p>
   </div>
  </div>
 </body>
</html>
