5034 6582
1141 911 1349 960 APPENDIX.

1186 1235 1215 1321 l·
1244 1257 1301 1325 41·

518 1440 723 1538 Aequalz'a
752 1439 963 1534 triangula
992 1431 1070 1527 abc,
1099 1431 1156 1534 bel
1184 1438 1423 1536 aequalibus
1459 1439 1704 1534 angulorum
1740 1437 1910 1511 summis
1942 1460 2044 1530 gau·
2087 1452 2154 1530 Fig.
2179 1469 2225 1511 21.

446 1575 548 1647 deul.

520 1705 621 1778 Nam
648 1721 754 1779 secet
779 1726 841 1780 mn
867 1721 942 1780 tarn
975 1726 1017 1780 ac
1052 1731 1165 1803 quam
1193 1700 1247 1794 bc,
1276 1705 1327 1778 ita
1354 1724 1402 1803 pq
1428 1721 1505 1778 tarn
1533 1698 1571 1802 bf
1597 1731 1709 1804 quarn
1735 1696 1769 1802 fe
1795 1703 1976 1790 bifariam,
2006 1717 2044 1777 et

445 1839 490 1912 sit
516 1858 556 1912 rs
573 1841 588 1928 ll
607 1857 677 1929 mn,
705 1855 818 1936 atque
844 1841 881 1914 lo
899 1843 915 1930 ll
931 1856 999 1936 pq;
1028 1839 1098 1912 erit
1125 1839 1447 1937 perpendicularis
1474 1858 1523 1936 aq
1550 1841 1597 1910 ad
1624 1858 1663 1911 rs
1689 1853 1753 1911 aut
1780 1837 1934 1935 aequalis
1959 1861 2042 1934 per-

446 1971 682 2070 pendiculari
716 1964 763 2067 bl]
797 1973 844 2043 ad
879 1973 926 2060 lo,
965 1987 1028 2044 aut
1062 1971 1179 2045 altera
1214 1996 1246 2045 e.
1282 1997 1316 2068 g.
1352 1964 1399 2067 bb
1434 1971 1505 2045 erit
1540 1971 1677 2045 rnaior:
1714 1971 1752 2042 in
1786 1970 1919 2068 quovis
1955 1995 2043 2043 casu

448 2097 534 2202 *le
568 2131 588 2178 e
624 2120 805 2179 centron
843 2131 929 2178 cum
966 2107 1013 2203 a&
1045 2121 1227 2202 punctum
1263 2105 1417 2202 aliquod
1452 2097 1469 2177 l
1504 2129 1706 2178 commune
1743 2104 1865 2194 habet,
1895 2102 2042 2201 eritque

446 2241 487 2334 n·
515 2245 585 2334 aa)
997 2330 1438 2414 nabr=nabc=ab
1459 2329 1485 2435 l·

446 2544 516 2616 Est
550 2568 642 2616 vero
681 2537 795 2618 llalb
831 2542 910 2639 (per
937 2543 967 2630 §.
994 2563 1065 2635 40.)
1089 2543 1278 2640 triangulo
1314 2535 1379 2638 lle,
1408 2568 1452 2617 ac
1489 2555 1568 2640 (per
1596 2545 1625 2631 §.
1654 2557 1723 2637 39l
1760 2543 1947 2640 triangulo
1974 2536 2044 2618 abc

443 2677 775 2776 aequiangulum.
805 2675 902 2749 Sunt
927 2675 1039 2774 igitur
1065 2677 1179 2749 etiam
1206 2677 1393 2773 triangula
1420 2671 1498 2768 abc,
1526 2670 1583 2774 bel
1609 2677 1856 2774 aequiangula.

521 2812 565 2884 ln
594 2812 823 2885 Seouuerti
846 2835 997 2908 quoque
1026 2809 1224 2883 theorema
1251 2825 1386 2907 potest.
1415 2810 1499 2884 Sint
1534 2810 1633 2883 enim
1668 2811 1853 2907 triangula
1880 2805 1957 2902 abc,
1986 2803 2043 2909 δεῖ

444 2947 642 3041 reciproce
661 2944 910 3041 aequiangula,
931 2960 1044 3041 atque
1077 2937 1185 3019 aba!
1198 2976 1241 3005 =
1257 2951 1291 3018 Δ
1306 2936 1380 3040 ὁρῇ
1409 2945 1477 3016 erit
1497 2944 1577 3042 (per
1596 2947 1722 3042 praecl
1741 2945 1900 3018 alterum
1921 2944 2039 3030 alteri,

447 3080 621 3174 adeoque
649 3076 762 3151 etiam
794 3069 912 3151 [labe
938 3077 1125 3173 triangulo
1153 3071 1212 3152 abl
1241 3078 1532 3174 aequiangulurn,
1562 3093 1599 3151 et
1630 3077 1717 3150 hinc
1746 3077 1943 3151 manifesto

1016 3272 1465 3356 M÷m÷m=m.

446 3487 568 3586 Atqui
595 3487 653 3584 lex
680 3487 710 3574 §.
730 3489 800 3580 31.)
828 3484 992 3559 cuiusvis
1022 3485 1199 3580 trianguli
1233 3486 1455 3581 angulorum
1491 3511 1636 3559 summa
1671 3487 1708 3560 in
1745 3489 1774 3560 S
1805 3503 1863 3562 est
1898 3488 2038 3568 <2R:

444 3621 545 3695 cadit
569 3619 681 3717 igitur
708 3616 719 3694 l
745 3619 782 3692 in
810 3637 839 3691 c.

1182 3846 1210 3932 §·
1239 3867 1297 3936 42·

517 4055 563 4126 Si
575 4055 712 4152 fuerit
736 4053 1062 4149 complementum
1090 4075 1271 4124 summae
1298 4053 1542 4146 angulorum
1571 4051 1777 4144 trianguli
1800 4043 1869 4125 abc
1893 4053 1951 4123 aal
1975 4051 2041 4124 alr
2084 4069 2149 4148 Fig.
2174 4086 2218 4129 22.

442 4359 647 4451 lrz'auguli
669 4348 727 4452 bel
752 4381 841 4429 vero
1213 4284 1249 4348 u,

442 4561 500 4626 est
1215 4479 1256 4544 v,

1031 4640 1445 4746 Aabc:ubel=a:a.

516 4855 615 4930 Nam
652 4855 682 4929 si
717 4855 878 4953 quodvis
913 4855 1187 4950 triangulorum
1224 4874 1302 4952 aeq,
1332 4849 1410 4952 geli,
1440 4847 1518 4952 lach,
1547 4845 1610 4949 llll,
1641 4845 1691 4950 lle
1725 4854 1771 4925 sit
1801 4864 1895 4951 =p‚
1924 4869 2037 4949 atque

969 5053 1228 5157 nabczmp,
1269 5052 1513 5158 Melz-affl

440 5265 563 5362 sitque
588 5290 607 5337 s
635 5290 782 5338 summa
810 5265 1034 5362 angulorum
1063 5264 1226 5339 cuiusvis
1251 5265 1438 5360 trianguli,
1467 5267 1569 5363 quod
1599 5297 1641 5328 =
1654 5275 1684 5363 p
1713 5282 1786 5341 est:
1824 5265 1895 5338 erit
1922 5265 2038 5337 mani·

439 5398 535 5472 festo
