5034 6582
863 1616 1283 1693 ADNOTATIONES
1310 1613 1613 1690 EDITORUM.

516 2010 560 2083 ln
589 2011 660 2084 Ed.
690 2009 721 2082 Ι.
749 2007 986 2106 Appendicis
1013 2007 1133 2082 literae
1161 2009 1367 2105 singulares
1393 2023 1534 2106 puncta
1561 2009 1787 2082 denotantes
1813 2009 1930 2084 literis
1949 2037 2035 2108 quae

441 2144 618 2218 dicuntur
644 2146 811 2216 crtrsziu's
838 2141 1031 2239 impressae
1059 2157 1155 2234 sunt,
1184 2144 1251 2216 sed
1278 2142 1314 2215 in
1343 2141 1481 2215 libellis
1503 2140 1613 2214 nobis
1630 2141 1772 2215 relictis
1792 2168 1903 2216 manu
1924 2142 2036 2216 loan-

442 2278 503 2351 nis
530 2275 667 2376 Bolyai
693 2275 843 2374 scriptis
870 2290 1011 2375 puncta
1038 2275 1155 2349 literis
1182 2302 1244 2375 qu.
1265 2279 1297 2350 d.
1315 2279 1482 2374 fructur
1508 2276 1748 2365 denotantur,
1769 2277 1905 2374 quibus
1924 2277 2035 2350 etiarn

442 2425 550 2507 pater
578 2412 658 2483 eius
685 2434 773 2483 usus
800 2423 866 2482 est.

514 2675 613 2771 Peg.
643 2701 674 2748 J.
698 2683 787 2772 post
812 2667 851 2763 12⁷.
883 2699 936 2768 15.
966 2676 1002 2749 in
1031 2677 1102 2750 Ed.
1131 2677 1161 2751 I.
1190 2676 1350 2774 legitur:

945 2869 983 2938 l-
1012 2875 1170 2946 denotet
1197 2871 1512 2972 perpendiculare

947 3009 980 3098 Λ
1084 3035 1096 3070 v
1194 3006 1383 3103 angulum.

515 3211 598 3286 Nos
627 3213 707 3285 baec
737 3212 954 3302 delevimus,
984 3212 1070 3310 quia
1100 3236 1170 3308 pro
1197 3212 1304 3307 signo
1335 3219 1372 3287 l.
1400 3210 1595 3283 usitatiore
1628 3219 1661 3285 l
1692 3211 1842 3302 utimur,
1871 3214 2037 3287 vocabu·

440 3345 518 3418 lum
551 3345 768 3443 «angulum»
800 3359 927 3419 autem
955 3345 1095 3442 ubique
1123 3346 1310 3442 integrum
1337 3343 1547 3418 scribimus.

514 3611 613 3708 Peg.
640 3616 674 3686 8.
702 3602 742 3698 tl.
772 3613 908 3685 ultimo
941 3605 1037 3684 «trs»
1068 3610 1302 3684 correximus
1338 3611 1374 3683 in
1406 3605 1523 3709 abrs»,
1552 3625 1594 3685 ut
1621 3626 1658 3684 et
1685 3610 1763 3708 ipse
1791 3625 1924 3685 auctor
1955 3636 2036 3685 cor·

439 3742 536 3816 rexit
563 3741 599 3816 in
627 3742 757 3817 libello
785 3769 898 3817 manu
925 3743 1076 3841 scripto,
1106 3771 1181 3844 quo
1208 3745 1479 3843 Appendicem
1507 3744 1633 3840 lingua
1653 3745 1882 3818 Germanica
1909 3746 2036 3819 denuo

439 3878 696 3973 pertractavit.

512 4144 614 4242 Peg.
635 4171 690 4222 ro.
711 4137 750 4234 tl.
772 4149 908 4220 ultimo
933 4149 965 4229 sl.
988 4151 1043 4222 18.
1077 4154 1134 4224 «O
1150 4141 1217 4244 bo»
1251 4143 1538 4219 emendavimus
1566 4170 1612 4217 ex
1645 4151 1702 4222 «O
1717 4137 1792 4241 bl».

512 4412 612 4509 Pag.
630 4437 685 4508 14.
706 4421 902 4486 extremae
921 4415 955 4495 ἕ.
976 4413 1034 4486 26.
1063 4427 1195 4486 auctor
1215 4411 1386 4510 ascripsit
1405 4411 1611 4507 exemplari
1630 4410 1666 4482 in
1687 4410 1916 4484 bibliotheca
1936 4413 2034 4486 Aca·

438 4546 575 4620 demiae
605 4547 840 4642 Hungaricae
867 4561 1061 4619 asservato
1092 4570 1188 4619 «cos.
1217 4570 1370 4643 quoque
1398 4543 1688 4618 necessarium».
1717 4542 1882 4617 Videtur
1899 4543 1936 4617 in
1957 4545 2034 4618 edi-

437 4681 540 4753 tione
556 4682 717 4778 quadam
734 4679 851 4753 altera
869 4678 1172 4777 propositionem
1193 4679 1240 4751 de
1261 4678 1391 4751 cosinu
1414 4679 1740 4751 demonstraturus
1758 4676 1884 4768 fuisse,
1904 4702 2034 4773 quam-

438 4839 551 4910 quam
579 4812 671 4887 nihil
695 4812 754 4886 hic
775 4814 929 4886 maioris
948 4811 1129 4886 momenti
1150 4837 1240 4886 vere
1261 4811 1507 4884 desideratur.
1529 4809 1680 4884 Revera
1699 4811 2031 4902 considerationes

437 4947 573 5046 quibus
601 4949 638 5020 in
670 4946 969 5044 «Supplemento
997 4947 1145 5020 numeri
1173 4967 1253 5041 ·313
1260 4965 1325 5040 51»
1357 4943 1467 5018 Torn.
1498 4942 1550 5017 ll.
1579 4943 1814 5018 Tentarninis
1842 4971 1888 5018 ex

969 5141 1034 5215 sin.
1048 5142 1117 5216 H:
1134 5141 1251 5216 sinA
1264 5164 1333 5214 =1
1354 5171 1361 5215 :
1381 5141 1483 5214 sina

435 5349 722 5446 trigonometria
749 5347 932 5444 sphaerica
959 5346 1104 5442 integra
1124 5345 1334 5436 deducitur,
1356 5361 1394 5418 et
1414 5347 1448 5418 in
1468 5344 1679 5442 geometria
1698 5344 1871 5418 absoluta
1891 5347 2027 5421 valent.
