5034 6582
986 1921 1325 1998 WOLFGANGI
1354 1923 1547 2000 BOLYAI

782 2089 1243 2168 ADDITAMENTUM
1272 2093 1352 2168 AD
1378 2093 1762 2171 APPENDICEM.

544 2475 722 2574 Denique
758 2480 921 2578 aliquid
956 2480 1126 2552 Auctori
1160 2479 1403 2577 Appendices
1434 2485 1657 2578 proprium,
1692 2481 1887 2556 coronidis
1923 2483 2065 2570 instar,

469 2612 611 2685 addere
637 2612 691 2686 fas
718 2613 787 2689 sit:
816 2614 880 2711 qui
905 2628 1032 2688 tamen
1059 2613 1241 2709 ignoscat,
1270 2613 1417 2712 siquid
1444 2640 1520 2688 non
1547 2640 1616 2690 acu
1644 2615 1723 2688 eius
1748 2615 1951 2712 tetigerim.

544 2747 624 2820 Res
658 2748 824 2821 breviter
859 2747 896 2820 in
933 2773 979 2820 eo
1015 2746 1204 2820 consistit:
1230 2747 1439 2845 formulae
1467 2749 1790 2843 trigonometrioe
1822 2749 2067 2845 sphaericae,

469 2880 506 2954 in
535 2882 762 2980 Appendice
790 2882 891 2955 dicta
918 2883 964 2954 ab
991 2881 1179 2954 axiomate
1205 2881 1276 2954 XI.
1307 2881 1415 2955 Eucl.
1439 2882 1741 2981 independenter
1781 2885 2063 2973 demonstratae,

469 3042 557 3090 cum
591 3015 791 3114 formulis
835 3016 1158 3110 trigonometrine
1196 3015 1347 3111 planae
1395 3017 1640 3104 conveniunt,
1683 3018 1723 3088 si
1772 3018 1899 3108 <modo
1942 3015 2067 3088 statim

470 3147 644 3239 dicendo)
672 3149 800 3222 latero
828 3147 1033 3242 trianguli
1054 3147 1255 3243 sphaerici
1282 3150 1423 3240 realia,
1453 3150 1651 3224 rectilinei
1682 3175 1771 3222 vero
1808 3151 2063 3244 imaginaria

469 3283 738 3378 accipiantur,
767 3283 864 3355 adeo
891 3295 932 3354 ut
957 3281 1084 3378 quoad
1109 3279 1291 3354 formulas
1316 3283 1645 3379 trigonometricas
1673 3283 1825 3379 planum
1852 3298 1893 3356 ut
1911 3281 2061 3380 sphaera

470 3417 685 3516 imaginaria
704 3418 936 3492 considerari
952 3418 1079 3516 possit,
1100 3418 1129 3491 si
1155 3442 1224 3516 pro
1251 3417 1342 3491 reali
1369 3416 1431 3489 illa
1458 3418 1674 3517 accipiatur,
1694 3421 1731 3492 in
1758 3446 1833 3518 qua
1859 3421 2065 3496 sin.R=1.

546 3550 622 3624 Pro
649 3575 749 3644 casu,
778 3551 807 3624 si
834 3551 981 3627 axioma
1009 3551 1118 3628 Eucl.
1138 3576 1270 3626 verum
1298 3576 1374 3624 non
1400 3550 1522 3644 fuerit,
1542 3552 1823 3628 demonstratur
1850 3555 2067 3654 (Appendix

470 3685 500 3772 ξ.
528 3685 599 3780 30.)
627 3685 708 3758 dari
735 3701 881 3760 certum
908 3688 933 3776 i,
961 3711 1031 3785 pro
1066 3710 1142 3784 quo
1177 3685 1318 3759 ibidem
1354 3685 1495 3759 dictum
1525 3685 1556 3758 I
1575 3700 1630 3759 est
1659 3713 1738 3760 =e
1770 3688 1862 3780 (basi
1888 3687 2067 3786 logarith·

469 3843 617 3892 morum
645 3819 894 3915 naturalium),
923 3834 1035 3917 atque
1067 3844 1136 3917 pro
1173 3820 1245 3892 hoc
1286 3843 1374 3892 casu
1408 3819 1582 3893 formulae
1609 3820 1911 3916 trigonometriae
1937 3822 2065 3921 planae

469 3977 622 4051 quoque
659 3955 964 4028 demonstrantur
998 3953 1150 4048 (ibidem
1182 3954 1212 4040 ᾗ.
1241 3963 1330 4046 31.);
1372 3966 1409 4024 et
1436 3953 1589 4049 quidem
1618 3953 1677 4043 ita,
1716 3969 1757 4026 ut
1792 3954 1907 4049 (iuxta
1935 3955 1965 4042 §.
1993 3977 2064 4049 32,

469 4100 555 4184 post
575 4085 680 4178 Vll,
701 4087 854 4180 ibidem)
873 4086 1048 4160 formulae
1076 4101 1113 4158 et
1140 4111 1209 4182 pro
1238 4110 1326 4159 casu
1353 4085 1522 4159 veritatis
1549 4086 1747 4160 axiomatis
1775 4087 1865 4160 dicti
1892 4087 2065 4176 valeant;

467 4245 604 4318 nempe
623 4221 653 4294 si
671 4223 930 4320 supponend0,
951 4223 1054 4318 quod
1082 4222 1228 4310 imoo,
1249 4219 1388 4293 limites
1407 4221 1577 4293 valorum
1598 4221 1855 4318 accipiantur,
1884 4221 2060 4296 nimirum

469 4369 632 4452 systema
660 4354 887 4428 Euclideum
915 4369 972 4428 est
997 4353 1103 4450 quasi
1130 4353 1238 4427 limes
1273 4353 1484 4451 systematis
1518 4353 1761 4427 antieuclidei
1796 4353 1876 4452 (pro
1904 4355 1983 4426 ies
1997 4355 2065 4450 00).

472 4486 651 4579 Ponatur,
679 4513 749 4585 pro
777 4513 864 4562 casu
893 4487 1085 4560 existentis
1112 4491 1136 4578 i,
1166 4487 1287 4560 unitas
1315 4488 1394 4577 =i,
1432 4501 1545 4583 atque
1580 4503 1789 4585 conceptus
1823 4490 1936 4562 sinus
1972 4490 2065 4561 cosi·

470 4646 621 4720 reusque
649 4623 873 4696 extendatur
899 4637 936 4695 et
964 4625 1011 4696 ad
1038 4647 1146 4696 arcus
1184 4619 1446 4717 imaginarios;
1484 4619 1535 4695 ita
1570 4635 1610 4693 ut
1645 4645 1774 4694 arcum
1811 4621 1889 4694 sive
1924 4622 2066 4695 realem

475 4754 553 4828 sive
581 4754 841 4852 imaginarium
869 4756 1027 4830 denotet
1045 4765 1088 4854 p,
1117 4755 1262 4828 dicatur

1022 4920 1248 5076 {stiffi-t-
1259 4937 1398 5046 sarz)

470 5103 619 5178 cosinus
645 5103 760 5201 ipsius
779 5113 820 5201 p,
849 5117 888 5178 et

1022 5222 1181 5304 *L*
1192 5239 1303 5342 (effi-1
1316 5295 1359 5307 ..
1375 5239 1513 5328 sis-‘¹1

1025 5347 1043 5396 2
1062 5312 1095 5412 ts
1104 5348 1166 5399 -1

471 5423 615 5499 dicatur
642 5424 743 5498 sinus
770 5424 886 5521 ipsius
905 5434 946 5524 p.
