5034 6582
486 876 535 949 40
1014 881 1320 933 ADNOTATIONES
1348 883 1567 934 EDITORUM.

559 1095 660 1192 Pag.
680 1097 734 1168 [ό.
762 1087 802 1183 tl.
821 1121 860 1188 3.
890 1095 948 1168 Ex
976 1096 1106 1171 libello
1134 1097 1366 1172 Germanico
1394 1101 1559 1172 auctoris
1586 1123 1697 1172 manu
1721 1099 1862 1199 scripto
1885 1119 1969 1198 «tq»
1993 1098 2082 1173 scri·

486 1229 628 1325 psimus
654 1254 723 1327 pro
750 1228 889 1304 vitioso
921 1249 1005 1329 «cg»
1038 1231 1228 1306 Editionis
1256 1231 1287 1304 Ι.

559 1496 734 1594 Pag.17.
761 1490 802 1586 tl.
825 1521 863 1592 5.
896 1498 991 1586 «culli
1007 1492 1065 1588 ab,
1094 1493 1270 1586 du'lllab«
1301 1500 1518 1598 scripsimus
1546 1526 1615 1600 pro
1648 1520 1721 1593 «cu,
1746 1501 1840 1588 c'u'lll
1856 1496 1923 1577 ab«
1956 1501 2028 1575 Ed.
2053 1501 2081 1576 Ι.

560 1765 658 1863 Pag.
678 1791 736 1840 20.
765 1760 805 1854 zi.
831 1771 865 1842 8.
899 1783 956 1842 «et
988 1791 1054 1864 27«
1103 1767 1267 1841 loannes
1308 1766 1445 1866 Bolyai
1481 1771 1559 1865 ipse
1594 1767 1765 1866 ascripsit
1801 1767 1838 1841 in
1877 1769 2083 1867 exemplari

486 1899 723 1975 Academiae.

556 2166 655 2264 Pag.
675 2192 733 2241 22.
760 2159 800 2256 tl.
827 2194 860 2264 4.
881 2194 905 2241 a
924 2171 1027 2242 calce
1058 2169 1108 2256 «§.
1129 2192 1223 2264 30«.
1251 2169 1470 2266 scripsimus
1499 2193 1568 2268 pro
1599 2172 1652 2259 «ᾗ.
1681 2189 1775 2262 29.«.
1805 2168 1878 2241 Ed.
1908 2167 1938 2241 l.

559 2433 660 2531 Pag.
674 2458 737 2527 35.
768 2434 812 2507 ln
839 2433 912 2508 hoc
939 2434 1227 2527 Additamento,
1255 2438 1359 2532 quod
1387 2461 1494 2533 pagg.
1522 2435 1716 2530 380-383
1744 2435 1855 2510 Tom.
1876 2435 1929 2508 ΙΙ.
1958 2437 2027 2509 Ed.
2049 2435 2078 2508 Ι.

484 2566 720 2643 Tentaminis
759 2569 985 2661 continetur,
1016 2568 1226 2644 delevimus
1266 2569 1498 2643 mentionem
1538 2571 1585 2643 de
1625 2571 1770 2668 paginis
1808 2569 1918 2644 huius
1958 2569 2082 2668 operis

485 2703 632 2790 factam,
660 2702 696 2774 in
724 2703 859 2800 quibus
886 2702 1009 2776 solum
1037 2702 1277 2777 theoremata
1313 2702 1490 2777 omnibus
1520 2717 1610 2776 nota
1646 2704 1900 2778 continentur.
1927 2701 2081 2777 Articu-

483 2833 562 2908 lum
588 2860 682 2909 vero
709 2836 917 2909 secundum
944 2835 982 2908 in
1010 2835 1110 2910 hunc
1137 2835 1267 2909 locum
1293 2835 1517 2910 reiecimns:

882 2969 980 3042 «Pro
1008 2996 1030 3042 v
1058 2969 1220 3067 positivo
1242 2969 1411 3043 radicem
1430 2969 1631 3068 positivam
1659 2968 1772 3067 ipsius
1799 2984 1893 3043 -v²
1918 2995 1988 3069 per
2005 2977 2080 3044 lv

803 3102 969 3190 denotat,
991 3117 1029 3175 et
1045 3103 1261 3199 negativam
1288 3127 1356 3200 per
1382 3129 1468 3195 *a
1497 3105 1564 3176 sed
1591 3104 1641 3176 ob
1668 3102 1860 3176 defectum
1887 3102 2079 3199 signorum

803 3255 931 3333 «quum
958 3235 1020 3307 vix
1047 3235 1129 3309 haec
1158 3238 1233 3310 duo
1264 3238 1539 3333 quadamtenus
1573 3233 1819 3332 prodierunt),
1847 3233 1955 3306 radix
1981 3235 2079 3332 posi-

802 3369 879 3442 tiva
914 3369 1029 3462 ipsius
1058 3390 1122 3440 -1
1153 3393 1222 3466 per
1253 3355 1362 3455 ιῖἶῖ
1393 3382 1431 3443 et
1465 3368 1640 3465 negativa
1676 3393 1745 3466 per
1776 3354 1938 3454 —ts———r
1965 3369 2081 3442 deno·

803 3503 979 3576 tabitur«.

556 3769 713 3843 Ibidem
742 3763 781 3857 zi.
804 3795 843 3862 3.
872 3769 967 3844 Post
997 3768 1278 3866 «Appendicis«
1308 3769 1518 3843 delevimus
1549 3769 1606 3842 «in
1633 3783 1741 3844 tomo
1767 3767 1923 3866 primo«.

557 4037 712 4109 lbz'a’em
739 4027 779 4123 ᾖ.
809 4059 861 4109 rr.
890 4036 1045 4111 Initium
1072 4037 1219 4111 articuli
1248 4035 1356 4111 huius
1383 4037 1419 4110 in
1447 4036 1519 4110 Ed.
1549 4035 1579 4108 Ι.
1607 4037 1661 4109 sic
1689 4035 1848 4134 legitur:

882 4168 1093 4243 «Nimirum
1122 4171 1168 4242 de
1196 4167 1384 4243 axiomate
1404 4169 1590 4242 Euclideo
1611 4170 1755 4243 dictum
1774 4170 1813 4242 in
1832 4182 1938 4243 tomo
1956 4167 2080 4266 primo

802 4303 892 4378 satis
918 4327 1107 4402 superque
1135 4317 1214 4376 est:
1244 4326 1314 4400 pro
1341 4327 1441 4392 casu,
1469 4302 1499 4374 si
1526 4327 1659 4375 verum
1686 4327 1763 4376 non
1790 4302 1902 4376 fuerit
1933 4305 2006 4375 &a

558 4572 658 4668 Pag.
673 4576 736 4664 38.
764 4563 802 4658 tl.
832 4595 864 4642 2.
897 4569 1236 4669 «multiplicentur»
1268 4569 1485 4666 scripsimus
1513 4593 1581 4666 pro
1611 4592 1774 4641 erroneo
1805 4566 2078 4641 «dividantur».

556 4838 711 4912 Ibidem
739 4829 778 4925 il.
797 4841 832 4911 8.
862 4839 976 4910 Latus
1004 4835 1196 4909 sinistrum
1222 4835 1397 4908 formulae
1424 4833 1460 4906 in
1490 4835 1560 4906 Ed.
1590 4833 1620 4905 l.
1650 4837 1768 4908 deest.
