5034 6582
542 803 587 872 26
1168 817 1335 868 roxusrs
1362 816 1492 866 sormi

546 1067 591 1113 ex
618 1039 712 1112 Vll.
740 1037 888 1135 sphaera
914 1037 1009 1108 radii
1026 1063 1051 1108 x
1305 1138 1328 1205 4

1412 1187 1425 1223 ³

1237 1217 1281 1248 =
1293 1226 1339 1234 -
1356 1211 1410 1258 nx

550 1345 598 1416 Li·
1305 1261 1326 1332 3

621 1475 718 1548 Sunt
743 1498 897 1571 quoque
925 1471 1161 1545 theoremata
1187 1474 1235 1544 ad
1261 1470 1376 1544 finem
1405 1470 1487 1543 ·VI.
1529 1471 1723 1543 enuntiata
1743 1471 1942 1543 manifesto
1970 1469 2150 1541 incondi-

543 1611 692 1683 tionalc
718 1633 826 1680 ocra.

1283 1812 1313 1897 §-
1341 1834 1398 1904 33·

616 2022 798 2120 Superest
825 2019 958 2108 adhuc,
987 2019 1078 2117 quid
1104 2019 1251 2093 theoria
1278 2019 1347 2091 ista
1373 2015 1443 2090 sibi
1467 2016 1569 2104 velit,
1599 2017 1649 2086 =in
1677 2015 1707 2103 §.
1727 2037 1784 2109 32.
1809 2015 2055 2112 promissum»
2086 2042 2149 2087 ex-

547 2179 700 2252 ponere.

621 2286 651 2359 I.
680 2285 782 2359 Num
813 2293 852 2358 Σ
871 2300 935 2357 aut
961 2285 991 2358 S
1014 2285 1168 2382 aliquod
1196 2287 1325 2382 reipsa
1353 2285 1409 2374 sit,
1438 2283 1648 2356 indecisum
1675 2299 1813 2355 manet.

619 2419 673 2494 Il.
700 2419 840 2492 Omnia
875 2444 921 2493 ex
954 2418 1156 2516 hypothesi
1180 2420 1387 2516 falsitatis
1422 2418 1495 2490 Ax.
1531 2417 1601 2491 ΧΙ.
1630 2421 1791 2490 deducta
1840 2441 1989 2514 semper
2023 2443 2148 2490 seusu

549 2558 579 2643 §.
607 2577 665 2648 32.
692 2553 953 2650 intelligendo
981 2555 1156 2627 absolute
1191 2556 1328 2644 valent,
1357 2554 1531 2650 adeoque
1568 2553 1636 2624 hoc
1664 2578 1780 2625 seusu
1810 2552 1921 2624 nulli
1942 2550 2152 2648 hypothesi

548 2691 794 2762 innituntur.
815 2687 993 2759 Habetur
1011 2685 1157 2759 idcirco
1176 2690 1475 2780 trigonumelrrir
1496 2686 1627 2784 plana
1656 2713 1680 2757 α
1700 2687 1845 2782 priori,
1865 2686 1903 2756 in
1921 2711 1994 2782 qua
2011 2685 2146 2757 solum

548 2834 712 2918 systema
747 2845 885 2893 verum
923 2823 1100 2913 ignotum
1137 2822 1309 2917 adeoque
1344 2820 1585 2893 solummodo
1620 2820 1822 2892 absolutae
1862 2817 2148 2913 magnitudines

545 2954 828 3051 expressionum
858 2953 1060 3050 incognitae
1094 2971 1256 3042 manent,
1284 2979 1353 3052 per
1387 2955 1546 3027 um‘cum
1576 2979 1667 3025 vero
1695 2977 1823 3025 casum
1852 2967 1994 3040 notum,
2023 2951 2145 3023 mani-

549 3087 647 3160 festo
682 3100 804 3160 totum
841 3103 1006 3183 systema
1039 3086 1229 3185 figeretur.
1256 3086 1563 3183 Trigonometria
1597 3085 1783 3183 sphaerica
1819 3102 1945 3158 autem
1973 3085 2008 3156 in
2036 3083 2144 3172 §.atu

546 3220 719 3294 absolute
746 3219 943 3294 stabilitur.
985 3221 1239 3318 Habeturque
1257 3219 1489 3310 Geometria,
1509 3219 1744 3292 Geoinetriae
1771 3221 1894 3318 planae
1921 3219 1958 3291 in
1986 3227 2026 3292 Σ
2035 3242 2145 3315 pror·

546 3379 608 3427 sus
633 3355 793 3450 analoga
819 3353 856 3426 in
881 3353 925 3424 F
941 3411 948 3426 .

626 3485 698 3559 Ill.
727 3485 765 3558 Si
792 3497 989 3561 constaret
1007 3495 1045 3559 Σ
1064 3512 1157 3576 esse,
1177 3486 1267 3559 nihil
1288 3486 1361 3560 hoc
1379 3503 1555 3585 respectu
1574 3486 1734 3584 amplius
1757 3486 1990 3582 incognitum
2017 3503 2143 3578 esset;

547 3619 576 3691 si
603 3644 695 3692 vero
721 3629 917 3692 constaret
942 3645 1017 3692 non
1045 3645 1126 3694 esse
1155 3629 1196 3710 2⁷,
1225 3637 1314 3694 tunc
1342 3622 1472 3714 ¹§.31.t
1500 3647 1543 3694 «e.
1564 3647 1610 3717 gi
1639 3645 1659 3692 e
1686 3620 1869 3694 lateribus
1894 3647 1929 3711 x,
1951 3647 1979 3718 y
2008 3635 2045 3693 et
2078 3645 2143 3692 an-

543 3755 633 3850 gulo
658 3753 857 3826 rectilineo
884 3755 932 3827 ab
959 3753 1001 3826 iis
1026 3755 1251 3852 intercept0,
1280 3755 1316 3826 in
1344 3767 1515 3828 concreto
1543 3756 1650 3827 datis
1677 3755 1877 3829 manifesto
1900 3754 1996 3828 inse
2016 3770 2054 3828 et
2074 3779 2143 3852 per

543 3912 584 3960 se
611 3887 843 3984 impossibile
871 3901 970 3961 esset
988 3888 1216 3985 triangulum
1235 3890 1407 3963 absolute
1429 3891 1622 3963 resolvere
1658 3889 1680 3964 i.
1701 3917 1745 3963 e.=
1773 3915 1792 3960 a
1819 3889 1934 3986 priori
1963 3889 2142 3963 determi-

545 4045 635 4094 nare
663 4021 821 4116 angulos
847 4037 996 4094 ceteros
1023 4037 1059 4094 et
1087 4025 1281 4096 rationem
1311 4024 1451 4096 luteris
1478 4027 1590 4097 tertii
1611 4024 1658 4095 ad
1685 4025 1761 4096 duo
1789 4027 1894 4115 data;
1930 4024 1999 4096 nisi
2026 4024 2076 4113 X,
2111 4021 2151 4095 Y

545 4155 856 4246 determinentur,
885 4158 931 4227 ad
959 4159 1063 4254 quod
1089 4161 1130 4228 in
1158 4167 1330 4230 concreto
1360 4157 1489 4231 haberi
1515 4158 1669 4255 aliquod
1696 4185 1720 4229 a
1749 4173 1953 4255 oporteret,
1975 4157 2082 4230 cuius
2099 4157 2139 4230 Α

548 4303 679 4362 notum
708 4303 827 4378 esset;
855 4305 967 4386 atque
993 4305 1073 4362 tum
1101 4293 1119 4362 i
1143 4293 1277 4363 unitos
1314 4293 1515 4365 iitrturulis
1551 4292 1852 4386 longitudinum
1881 4307 1990 4382 esset,
2020 4289 2142 4365 sicuti

431 4514 434 4520 Ι
544 4436 648 4495 cest
675 4421 774 4494 basis
801 4421 1115 4517 logarithmorum
1150 4425 1398 4498 naturalium.
1426 4425 1466 4498 Si
1502 4425 1700 4499 existentia
1736 4426 1844 4499 huius
1871 4431 1889 4499 i
1911 4425 2141 4516 constiterit;

548 4555 743 4652 quomodo
770 4557 817 4628 ad
844 4580 952 4629 usum
980 4556 1113 4630 saltem
1141 4583 1252 4654 quam
1281 4560 1517 4632 exactissime
1553 4560 1720 4633 construi
1746 4561 1877 4656 possit,
1906 4562 2139 4634 ostendetur.

620 4687 691 4762 IV.
720 4689 843 4763 Sensu
871 4689 908 4761 in
935 4689 966 4762 l.
994 4705 1032 4762 et
1059 4689 1112 4762 Il.
1141 4693 1312 4788 exposito
1347 4707 1461 4790 patet,
1490 4694 1616 4766 omnia
1651 4694 1687 4765 in
1723 4693 1845 4792 spatio
1873 4695 2056 4768 methodo
2082 4720 2139 4768 re·

546 4823 758 4896 centiomm
787 4819 988 4918 Analytica
1028 4823 1123 4895 intra
1151 4823 1268 4897 iustos
1294 4824 1388 4898 fines
1413 4827 1524 4898 valde
1551 4827 1750 4900 laudanda}
1779 4827 1925 4901 absolvi
1951 4852 2073 4924 posse.

618 4954 667 5027 V.
697 4955 874 5052 Denique
910 4955 1113 5028 lectoribus
1148 4957 1344 5032 benevolis
1379 4959 1478 5033 haud
1518 4959 1705 5058 ingratum
1745 4962 1913 5035 futurum
1954 4981 2029 5054 est;
2069 4989 2139 5062 pro

546 5111 635 5162 casu
661 5086 738 5176 illo,
766 5089 903 5185 quodsi
927 5112 1004 5161 non
1033 5090 1157 5161 2'sed
1193 5089 1223 5162 S
1253 5093 1376 5189 reipsa
1412 5111 1522 5186 esset,
1551 5095 1695 5169 circulo
1722 5097 1868 5194 aequale
1900 5097 2138 5171 rectilineum

547 5235 724 5295 construi.
